@inproceedings{ronneberger2015u,
  title        = {U-net: Convolutional networks for biomedical image segmentation},
  author       = {Ronneberger, Olaf and Fischer, Philipp and Brox, Thomas},
  booktitle    = {International Conference on Medical image computing and computer-assisted intervention},
  pages        = {234--241},
  year         = {2015},
  organization = {Springer}
}

@article{raissi2019physics,
  title     = {Physics-informed neural networks: A deep learning framework for solving forward and inverse problems involving nonlinear partial differential equations},
  author    = {Raissi, Maziar and Perdikaris, Paris and Karniadakis, George E},
  journal   = {Journal of Computational physics},
  volume    = {378},
  pages     = {686--707},
  year      = {2019},
  publisher = {Elsevier}
}

@article{li2020fourier,
  title   = {Fourier neural operator for parametric partial differential equations},
  author  = {Li, Zongyi and Kovachki, Nikola and Azizzadenesheli, Kamyar and Liu, Burigede and Bhattacharya, Kaushik and Stuart, Andrew and Anandkumar, Anima},
  journal = {arXiv preprint arXiv:2010.08895},
  year    = {2020}
}

@article{takamoto2022pdebench,
  title   = {PDEBENCH: An Extensive Benchmark for Scientific Machine Learning},
  author  = {Takamoto, Makoto and Praditia, Timothy and Leiteritz, Raphael and MacKinlay, Dan and Alesiani, Francesco and Pfl{\"u}ger, Dirk and Niepert, Mathias},
  journal = {arXiv preprint arXiv:2210.07182},
  year    = {2022}
}